@b1{b1,
title = "Box2D Website"
howpublished = "\url{http://box2d.org/}"
}

@b2{b2,
howpublished = "\url{https://www.youtube.com/watch?v=0kqIChxrw4}"
}

@b3{b3,
howpublished = "\url{https://www.youtube.com/watch?v=bBIXpu-D_Zo}"
}

@b4{b4,
howpublished = "\url{https://www.youtube.com/results?searchquery=box2d}"
}

@b5{b5,
howpublished = "\url{https://www.youtube.com/watch?v=8kZRpouZ3OQ}"
}

@b6{b6,
howpublished = "\url{https://www.youtube.com/watch?v=9fCTEjlF9I}"
}
